<?xml version="1.0" encoding="UTF-8"?><collection xmlns="http://www.loc.gov/MARC21/slim"><record><leader>00499nam--2200193-u-4500</leader><controlfield tag="001">000055979</controlfield><controlfield tag="002">20161230</controlfield><controlfield tag="005">20161230201052</controlfield><controlfield tag="008">131106s1000------------r-----000-0-eng-d</controlfield><datafield ind1=" " ind2=" " tag="020"><subfield code="a">9786069353509</subfield></datafield><datafield ind1=" " ind2=" " tag="040"><subfield code="a">IFIN-HH</subfield></datafield><datafield ind1=" " ind2=" " tag="080"><subfield code="a">02(35)</subfield></datafield><datafield ind1="1" ind2=" " tag="100"><subfield code="a">Regneala, Mircea</subfield></datafield><datafield ind1="1" ind2="0" tag="245"><subfield code="a">Tratat de biblioteconomie vol.i</subfield><subfield code="c">Mircea regeneala (coord)</subfield></datafield><datafield ind1=" " ind2=" " tag="260"><subfield code="a">Bucuresti</subfield><subfield code="b">Abr</subfield><subfield code="c">2013</subfield></datafield><datafield ind1=" " ind2=" " tag="300"><subfield code="a">471P</subfield></datafield><datafield ind1=" " ind2=" " tag="490"><subfield code="a">Colectia Biblioteca Abr, 26</subfield></datafield><datafield ind1=" " ind2=" " tag="852"><subfield code="a">82367</subfield><subfield code="c">02</subfield></datafield><datafield ind1=" " ind2=" " tag="CAT"><subfield code="a">Sys</subfield><subfield code="c">20160210</subfield><subfield code="h">134909</subfield></datafield></record></collection>